@article{zheng2016person,
  title={Person re-identification: Past, present and future},
  author={Zheng, Liang and Yang, Yi and Hauptmann, Alexander G},
  journal={arXiv preprint arXiv:1610.02984},
  year={2016}
}

@inproceedings{xu2014person,
  title={Person search in a scene by jointly modeling people commonness and person uniqueness},
  author={Xu, Yuanlu and Ma, Bingpeng and Huang, Rui and Lin, Liang},
  booktitle={Proceedings of the 22nd ACM international conference on Multimedia},
  pages={937--940},
  year={2014},
  organization={ACM}
}

@inproceedings{huang1997object,
  title={Object identification in a bayesian context},
  author={Huang, Timothy and Russell, Stuart},
  booktitle={IJCAI},
  volume={97},
  pages={1276--1282},
  year={1997}
}

@article{wang2013intelligent,
  title={Intelligent multi-camera video surveillance: A review},
  author={Wang, Xiaogang},
  journal={Pattern recognition letters},
  volume={34},
  number={1},
  pages={3--19},
  year={2013},
  publisher={Elsevier}
}

@inproceedings{zajdel2005keeping,
  title={Keeping track of humans: Have I seen this person before?},
  author={Zajdel, Wojciech and Zivkovic, Zoran and Krose, BJA},
  booktitle={Robotics and Automation, 2005. ICRA 2005. Proceedings of the 2005 IEEE International Conference on},
  pages={2081--2086},
  year={2005},
  organization={IEEE}
}

@inproceedings{gheissari2006person,
  title={Person reidentification using spatiotemporal appearance},
  author={Gheissari, Niloofar and Sebastian, Thomas B and Hartley, Richard},
  booktitle={Computer Vision and Pattern Recognition, 2006 IEEE Computer Society Conference on},
  volume={2},
  pages={1528--1535},
  year={2006},
  organization={IEEE}
}

@inproceedings{bazzani2010multiple,
  title={Multiple-shot person re-identification by hpe signature},
  author={Bazzani, Loris and Cristani, Marco and Perina, Alessandro and Farenzena, Michela and Murino, Vittorio},
  booktitle={Pattern Recognition (ICPR), 2010 20th International Conference on},
  pages={1413--1416},
  year={2010},
  organization={IEEE}
}

@inproceedings{farenzena2010person,
  title={Person re-identification by symmetry-driven accumulation of local features},
  author={Farenzena, Michela and Bazzani, Loris and Perina, Alessandro and Murino, Vittorio and Cristani, Marco},
  booktitle={Computer Vision and Pattern Recognition (CVPR), 2010 IEEE Conference on},
  pages={2360--2367},
  year={2010},
  organization={IEEE}
}

@inproceedings{yi2014deep,
  title={Deep metric learning for person re-identification},
  author={Yi, Dong and Lei, Zhen and Liao, Shengcai and Li, Stan Z},
  booktitle={Pattern Recognition (ICPR), 2014 22nd International Conference on},
  pages={34--39},
  year={2014},
  organization={IEEE}
}

@inproceedings{li2014deepreid,
  title={Deepreid: Deep filter pairing neural network for person re-identification},
  author={Li, Wei and Zhao, Rui and Xiao, Tong and Wang, Xiaogang},
  booktitle={Proceedings of the IEEE Conference on Computer Vision and Pattern Recognition},
  pages={152--159},
  year={2014}
}

@article{zhu2017deep,
  title={Deep Hybrid Similarity Learning for Person Re-identification},
  author={Zhu, Jianqing and Zeng, Huanqiang and Liao, Shengcai and Lei, Zhen and Cai, Canhui and Zheng, Li Xin},
  journal={IEEE Transactions on Circuits and Systems for Video Technology},
  year={2017},
  publisher={IEEE}
}

@inproceedings{zhou2017point,
  title={Point to set similarity based deep feature learning for person re-identification},
  author={Zhou, Sanping and Wang, Jinjun and Wang, Jiayun and Gong, Yihong and Zheng, Nanning},
  booktitle={The IEEE Conference on Computer Vision and Pattern Recognition (CVPR)},
  volume={6},
  year={2017}
}

@article{lin2017improving,
  title={Improving person re-identification by attribute and identity learning},
  author={Lin, Yutian and Zheng, Liang and Zheng, Zhedong and Wu, Yu and Yang, Yi},
  journal={arXiv preprint arXiv:1703.07220},
  year={2017}
}

@inproceedings{varior2016gated,
  title={Gated siamese convolutional neural network architecture for human re-identification},
  author={Varior, Rahul Rama and Haloi, Mrinal and Wang, Gang},
  booktitle={European Conference on Computer Vision},
  pages={791--808},
  year={2016},
  organization={Springer}
}

@article{ding2015deep,
  title={Deep feature learning with relative distance comparison for person re-identification},
  author={Ding, Shengyong and Lin, Liang and Wang, Guangrun and Chao, Hongyang},
  journal={Pattern Recognition},
  volume={48},
  number={10},
  pages={2993--3003},
  year={2015},
  publisher={Elsevier}
}

@article{su2017posedriven,
  title={Pose-driven Deep Convolutional Model for Person Re-identification},
  author={Su, Chi and Li, Jianing and Zhang, Shiliang and Xing, Junliang and Gao, Wen and Tian, Qi},
  booktitle={2017 IEEE International Conference on Computer Vision (ICCV)},
  pages={3980--3989},
  year={2017},
}

@inproceedings{zhao2017spindle,
  title={Spindle net: Person re-identification with human body region guided feature decomposition and fusion},
  author={Zhao, Haiyu and Tian, Maoqing and Sun, Shuyang and Shao, Jing and Yan, Junjie and Yi, Shuai and Wang, Xiaogang and Tang, Xiaoou},
  booktitle={Proceedings of the IEEE Conference on Computer Vision and Pattern Recognition},
  pages={1077--1085},
  year={2017}
}

@inproceedings{li2017learning,
  title={Learning deep context-aware features over body and latent parts for person re-identification},
  author={Li, Dangwei and Chen, Xiaotang and Zhang, Zhang and Huang, Kaiqi},
  booktitle={Proceedings of the IEEE Conference on Computer Vision and Pattern Recognition},
  pages={384--393},
  year={2017}
}

@article{karanam2016systematic,
  title={A systematic evaluation and benchmark for person re-identification: Features, metrics, and datasets},
  author={Karanam, Srikrishna and Gou, Mengran and Wu, Ziyan and Rates-Borras, Angels and Camps, Octavia and Radke, Richard J},
  journal={arXiv preprint arXiv:1605.09653},
  year={2016}
}

@article{almazan2018re,
  title={Re-ID done right: towards good practices for person re-identification},
  author={Almazan, Jon and Gajic, Bojana and Murray, Naila and Larlus, Diane},
  journal={arXiv preprint arXiv:1801.05339},
  year={2018}
}

@article{hermans2017defense,
  title={In defense of the triplet loss for person re-identification},
  author={Hermans, Alexander and Beyer, Lucas and Leibe, Bastian},
  journal={arXiv preprint arXiv:1703.07737},
  year={2017}
}

@article{zheng2017unlabeled,
  title={Unlabeled samples generated by gan improve the person re-identification baseline in vitro},
  author={Zheng, Zhedong and Zheng, Liang and Yang, Yi},
  journal={arXiv preprint arXiv:1701.07717},
  volume={3},
  year={2017}
}
